@article{Christiam_2005,
	author=Christian Rogério Câmara de Abreu e Dr. Oscar Dalfovos},
	title={Simulação de robôs aplicando o Algoritmo de
Dijkstra e Subida da Montanha},
	journal={Seminário de Computação, 2005, Blumenau - SC. XIV SEMINCO. Blumenau - Sc : FURB},
	month={Outubro},
	year={2005}
}

@article{Flávio_2006,
	author={Flávio Nascimento e Claudio Esperança},
	title={Implementando Células e Portais no Blender},
	journal={Seminário LCG},
	month={Julho},
	year={2006}
}
