@article{Christiam_2005,
	author={Christian Rogério Câmara de Abreu e Dr. Oscar Dalfovos},
	title={Simulação de robôs aplicando o Algoritmo de
Dijkstra e Subida da Montanha},
	journal={Seminário de Computação, 2005, Blumenau - SC. XIV SEMINCO. Blumenau - Sc : FURB},
	month={Outubro},
	year={2005}
}

@article{Flávio_2006,
	author={Flávio Nascimento e Claudio Esperança},
	title={Implementando Células e Portais no Blender},
	journal={Seminário LCG},
	month={Julho},
	year={2006}
}

@book{Aho_1974,
	author={Alfred V. Aho AND John E. Hopcroft AND Jeffrey D. Ullman},
	title={The design and analysis of computer algorithms},
	publisher={Paperback},
	year={1974}
}

@book{Bellman_1978,
	author={Richard Bellman},
	title={An introduction to artificial intelligence: Can Computers think?},
	publisher={Paperback},
	year={1978}
}

@book{Biggs_1989,
	author={Norman L Biggs},
	title={Graph Teory},
	publisher={Oxford University Press},
	year={1989}
}

@book{Rosenschein_1985,
	author={Stanley J. Rosenschein},
	title={Formal theories of knowledge in AI and robotics},
	publisher={New Generation Computing},
	year={1985}
}

@book{Wesley_1979,
	author={Tomás Lozano-Pérez AND Michael A. Wesley},
	title={An algorithm for planning collision-free paths among polyhedral obstacles},
	publisher={Communications of the ACM},
	year={1979}
}

@book{Russell_2003,
	author={Stuart Russel AND Petter Norvig},
	title={Inteligência Artificial},
	publisher={Editora Campus},
	year={2003}
}

@book{Bittencourt_2003,
	author={Guilherme Bittencourt},
	title={Inteligência Artificial: Ferramentas e Teorias},
	publisher={Editora da UFSC},
	year={2001}
}

@article{Montermelo_2002,
	author={Michael Montemerlo AND Sebastian Thrun AND Daphne Koller AND BenWegbreit},
	title={FastSLAM: A Factored Solution to the Simultaneous
Localization and Mapping Problem},
	journal={Pro-ceedings of the AAAI National Conference on Articial Intelligence},
	year={2002}
}

@mastersthesis{Souza_2005
	author={João Paulo Rocha Portela de Souza},
	title={Mapeamento e localização de robôs móveis: Uma proposta baseada em marcos visuais e regras de produção},
	school={Universidade Federal da Bahia},
	year={2005}
}
