@article{Christiam_2005,
	author=Christian Rogério Câmara de Abreu e Dr. Oscar Dalfovos},
	title={Simulação de robôs aplicando o Algoritmo de
Dijkstra e Subida da Montanha},
	journal={Seminário de Computação, 2005, Blumenau - SC. XIV SEMINCO. Blumenau - Sc : FURB},
	month={Outubro},
	year={2005}
}

@article{Flávio_2006,
	author={Flávio Nascimento e Claudio Esperança},
	title={Implementando Células e Portais no Blender},
	journal={Seminário LCG},
	month={Julho},
	year={2006}
}

@article{Li_2007,
	author={Li Fei-Fei and Rob Fergus and Pietro Perona},
	title={Learning generative visual models from few training examples:
An incremental Bayesian approach tested on 101 object categories},
	journal={Computer Vision and Image Understanding 106 (2007)},
	month={Agosto},
	year={2007}
}

@article{Tsallis_1988,
	author={Constantino Tsallis},
	title={Possible generalization of {Boltzmann-Gibbs} statistcs},
	journal={Journal of Statistical Physics},
	pages={52, 479},
	year={1988}
}

@article{CFSin-Leung_2001,
	address={Hong Kong},
	author={C. F. Sin and C. K. Leung},
	title={Image Segmentation by Edge Pixel Classification with Maximum Entropy},
	organization={International Symposium on Intelligent Multimedia, video and Speech Processing},
	month={Maio},
	year={2001}
}

@article{Schupp_et_al_1997,
	author={S. Schupp and A. Elmoataz and R. Clouarll and P. Herlin and D. Bloyet},
	title={Mathematical Morphology and Active Contours for Object Extraction and Localization in Medical Images},
	organization={Conference Publication},
	edition={443},
	month={Julho},
	year={1997},
	editor={IEEE}
}

@article{Haris_et_al_1998,
	author={Kostas Haris and Serafim and  N. Efstratiadis and  Nicos Maglaveras and  Aggelos K. Katsaggelos},
	title={Hybrid Image Segmentation Using Watersheds and Fast Region Merging},
	journal={Transactions on Image Processing},
	volume={7},
	number={12},
	month={Dezembro},
	year={1998}
}

@journalpart{BERTOLA_et_al_2003,
	address={Viçosa-MG},
	author={Alexandre Bertola and Carlos Pedro Boechat Soares and José Carlos Ribeiro and Helio Garcia Leite and Agostinho Lopes de Souza},
	title={Determinação de Fatores De Empilhamento Através do Software Digitora},
	journal={Revista Árvore},
	volume={27},
	number={6},
	year={2003}
}

@article{WU_1998,
	author={H. S. Wu and J. Gil and J. Barba},
	title={Optimal Segmentation Os Cell Images}, 
	editor={IEEE},
	year={1998}}

@article{Bullitt-Aylward_2002,
	author={Elizabeth Bullitt and Stephen R. Aylward},
	title={Volume Rendering of Segmented Image Objects},
	journal={Transactions on Medical Imaging},
	volume={21},
	number={8},
	month={Agosto},
	editor={IEEE},
	year={2002}
}

@article{Gao-Chi-Hou_2001,
	author={Hai Gao and Wan-Chi Siu and Chao-Huan Hou},
	title={Improved Techniques for Automatic Image Segmentation},
	journal={Transactions on Circuits and Systems for Video Technology},
	volume={11},
	number={12},
	month={Dezembro},
	editor={IEEE},
	year={2001}
}

@article{Oliveira_et_al_2001,
	author={L. S. Oliveira and  R. Sabourin and  E Bortolozzil and C. Y. Suen},
	title={A Modular System to Recognize Numerical Amounts on Brazilian Bank Cheques},
	editor={IEEE},
	year={2001}
}

@article{Bhanu-Peng_2001,
	author={Bir Bhanu and Jing Peng},
	title={Adaptive Integrated Image Segmentation and Object Recognition},
	journal={Transactions on Systems, Man, and Cybernetics},
section={Part C: Applications and Reviews},
	volume={30},
	number={4},
	month={Novembro},
	year={2000},
	editor={IEEE}
}

@article{Lombardo-Oliver_2001,
	author={P. Lombardo and C. J. Oliver },
	title={Maximum Likelihood Approach To The Detection Of Changes Between Multitemporal Sar Images},
	journal={Proc.-Rudur: Sonur Navig},
	volume={14},
	number={4},
	month={Agosto},
	year={2001}
}

@thesis{Santos_2001,
	type={Mestre em Engenharia El\'etrica},
	author={Vivian Toledo Santos  },
	title={Segmentação Morfológica De Imagens Utilizando O Gradiente Morfológico Multi-Escala.},
	school={USP},
	year={2001}
}


@article{Moreira-Delgado,
	address={DF},
	author={L. Moreira and  E. Delgado},
	title={Segmentação e Classificação Supervisionada para Identificar Pastagens Degradadas},
	organization={EMBRAPA}
}

@article{ALMEIDA_FILHO_1998,
	author={Raimundo Almeida Filho and Paulo Sergio Resende Nascimento and Getúlio T. Batista},
	title={Avaliação de Técnicas de Segmentação e Classificação Automática de Imagens Landsat-TM no Mapeamento do Uso do Solo na Amazonia},
	journal={Acta Amazonia},
	volume={28},
	pages={41-54},
	year={1998}
}

@article{Batista-e-Couto_2002,
	year={2002},
	address={São Paulo},
	author={João L. F Batista and Hilton Thadeu Z. do Couto},
	title={{``O Est\'erio''}},
	organization={METRVM - Laboratório de M\´etodos Quantitativos do Depto. de Ci\^encias Florestais},
	school={Universidade de São Paulo. São Paulo},
	url={http://lmq.esalq.usp.br/METRVM}
}

@article{Yamano_2001,
	author={T. Yamano},
	title={Information theory based on nonadditive information content},
	pages={280-292},
	journal={Entropy 3},
	year={2001}
}

@journalpart{Medeiros_e_Silva,
	author={Nilcilene das Graças Medeiros and Erivaldo Antonio da Silva and José Roberto Nogueira},
	title={Segmentação Morfológica De Imagens Utilizando O Gradiente Morfológico Multi-Escala},
	journal={Revista Brasileira de Cartografia},
	number={54}
}

@thesis{Ana_Marques_2003,
	type={Mestrado em Matemática},
	author={Ana Helena Marques de Pinho Tavares},
	title={Aspectos Matemáticos da Entropia},
	school={Universidade de Aveio},
	year={2003}
}
